@article{Fannes_1992_Finitely,
	author = {Fannes, M. and Nachtergaele, B. and Werner, R. F.},
	doi = {10.1007/BF02099178},
	issn = {0010-3616, 1432-0916},
	journal = {Communications in Mathematical Physics},
	language = {en},
	number = 3,
	pages = {443-490},
	title = {Finitely correlated states on quantum spin chains},
	url = {http://link.springer.com/article/10.1007/BF02099178},
	volume = 144,
	year = 1992
}

@book{Keynes_2007_Treatise,
	author = {Keynes, John Maynard},
	isbn = {978-1-60206-696-0},
	language = {en},
	publisher = {Cosimo, Inc.},
	title = {A Treatise on Probability},
	year = 2007
}

@book{Kiefer_2012_Introduction,
	author = {Kiefer, Jack C.},
	isbn = 9781461395782,
	language = {en},
	publisher = {Springer Science \& Business Media},
	title = {Introduction to Statistical Inference},
	year = 2012
}
